%YAML 1.1
%TAG !u! tag:unity3d.com,2011:
--- !u!29 &1
OcclusionCullingSettings:
  m_ObjectHideFlags: 0
  serializedVersion: 2
  m_OcclusionBakeSettings:
    smallestOccluder: 5
    smallestHole: 0.25
    backfaceThreshold: 100
  m_SceneGUID: 00000000000000000000000000000000
  m_OcclusionCullingData: {fileID: 0}
--- !u!104 &2
RenderSettings:
  m_ObjectHideFlags: 0
  serializedVersion: 8
  m_Fog: 0
  m_FogColor: {r: 0.5, g: 0.5, b: 0.5, a: 1}
  m_FogMode: 3
  m_FogDensity: 0.01
  m_LinearFogStart: 0
  m_LinearFogEnd: 300
  m_AmbientSkyColor: {r: 0.212, g: 0.227, b: 0.259, a: 1}
  m_AmbientEquatorColor: {r: 0.114, g: 0.125, b: 0.133, a: 1}
  m_AmbientGroundColor: {r: 0.047, g: 0.043, b: 0.035, a: 1}
  m_AmbientIntensity: 1
  m_AmbientMode: 3
  m_SubtractiveShadowColor: {r: 0.42, g: 0.478, b: 0.627, a: 1}
  m_SkyboxMaterial: {fileID: 0}
  m_HaloStrength: 0.5
  m_FlareStrength: 1
  m_FlareFadeSpeed: 3
  m_HaloTexture: {fileID: 0}
  m_SpotCookie: {fileID: 10001, guid: 0000000000000000e000000000000000, type: 0}
  m_DefaultReflectionMode: 0
  m_DefaultReflectionResolution: 128
  m_ReflectionBounces: 1
  m_ReflectionIntensity: 1
  m_CustomReflection: {fileID: 0}
  m_Sun: {fileID: 0}
  m_IndirectSpecularColor: {r: 0, g: 0, b: 0, a: 1}
--- !u!157 &3
LightmapSettings:
  m_ObjectHideFlags: 0
  serializedVersion: 11
  m_GIWorkflowMode: 1
  m_GISettings:
    serializedVersion: 2
    m_BounceScale: 1
    m_IndirectOutputScale: 1
    m_AlbedoBoost: 1
    m_TemporalCoherenceThreshold: 1
    m_EnvironmentLightingMode: 0
    m_EnableBakedLightmaps: 0
    m_EnableRealtimeLightmaps: 0
  m_LightmapEditorSettings:
    serializedVersion: 9
    m_Resolution: 2
    m_BakeResolution: 40
    m_TextureWidth: 1024
    m_TextureHeight: 1024
    m_AO: 0
    m_AOMaxDistance: 1
    m_CompAOExponent: 1
    m_CompAOExponentDirect: 0
    m_Padding: 2
    m_LightmapParameters: {fileID: 0}
    m_LightmapsBakeMode: 1
    m_TextureCompression: 1
    m_FinalGather: 0
    m_FinalGatherFiltering: 1
    m_FinalGatherRayCount: 256
    m_ReflectionCompression: 2
    m_MixedBakeMode: 2
    m_BakeBackend: 0
    m_PVRSampling: 1
    m_PVRDirectSampleCount: 32
    m_PVRSampleCount: 500
    m_PVRBounces: 2
    m_PVRFiltering: 0
    m_PVRFilteringMode: 1
    m_PVRCulling: 1
    m_PVRFilteringGaussRadiusDirect: 1
    m_PVRFilteringGaussRadiusIndirect: 5
    m_PVRFilteringGaussRadiusAO: 2
    m_PVRFilteringAtrousColorSigma: 1
    m_PVRFilteringAtrousNormalSigma: 1
    m_PVRFilteringAtrousPositionSigma: 1
  m_LightingDataAsset: {fileID: 0}
  m_UseShadowmask: 1
--- !u!196 &4
NavMeshSettings:
  serializedVersion: 2
  m_ObjectHideFlags: 0
  m_BuildSettings:
    serializedVersion: 2
    agentTypeID: 0
    agentRadius: 0.5
    agentHeight: 2
    agentSlope: 45
    agentClimb: 0.4
    ledgeDropHeight: 0
    maxJumpAcrossDistance: 0
    minRegionArea: 2
    manualCellSize: 0
    cellSize: 0.16666667
    manualTileSize: 0
    tileSize: 256
    accuratePlacement: 0
  m_NavMeshData: {fileID: 0}
--- !u!1001 &65137694
Prefab:
  m_ObjectHideFlags: 0
  serializedVersion: 2
  m_Modification:
    m_TransformParent: {fileID: 589666779}
    m_Modifications:
    - target: {fileID: 4373535692012250, guid: ce35f816f20b2a049b4e3ed91ee3291e, type: 2}
      propertyPath: m_LocalPosition.x
      value: 1.3
      objectReference: {fileID: 0}
    - target: {fileID: 4373535692012250, guid: ce35f816f20b2a049b4e3ed91ee3291e, type: 2}
      propertyPath: m_LocalPosition.y
      value: -2.55
      objectReference: {fileID: 0}
    - target: {fileID: 4373535692012250, guid: ce35f816f20b2a049b4e3ed91ee3291e, type: 2}
      propertyPath: m_LocalPosition.z
      value: 0
      objectReference: {fileID: 0}
    - target: {fileID: 4373535692012250, guid: ce35f816f20b2a049b4e3ed91ee3291e, type: 2}
      propertyPath: m_LocalRotation.x
      value: -0
      objectReference: {fileID: 0}
    - target: {fileID: 4373535692012250, guid: ce35f816f20b2a049b4e3ed91ee3291e, type: 2}
      propertyPath: m_LocalRotation.y
      value: -0
      objectReference: {fileID: 0}
    - target: {fileID: 4373535692012250, guid: ce35f816f20b2a049b4e3ed91ee3291e, type: 2}
      propertyPath: m_LocalRotation.z
      value: -0
      objectReference: {fileID: 0}
    - target: {fileID: 4373535692012250, guid: ce35f816f20b2a049b4e3ed91ee3291e, type: 2}
      propertyPath: m_LocalRotation.w
      value: 1
      objectReference: {fileID: 0}
    - target: {fileID: 4373535692012250, guid: ce35f816f20b2a049b4e3ed91ee3291e, type: 2}
      propertyPath: m_RootOrder
      value: 3
      objectReference: {fileID: 0}
    m_RemovedComponents: []
  m_ParentPrefab: {fileID: 100100000, guid: ce35f816f20b2a049b4e3ed91ee3291e, type: 2}
  m_IsPrefabParent: 0
--- !u!1001 &82867597
Prefab:
  m_ObjectHideFlags: 0
  serializedVersion: 2
  m_Modification:
    m_TransformParent: {fileID: 589666779}
    m_Modifications:
    - target: {fileID: 4537324266162860, guid: 75a4c7841069bc345b77f839d48a99e9, type: 2}
      propertyPath: m_LocalPosition.x
      value: 1.25
      objectReference: {fileID: 0}
    - target: {fileID: 4537324266162860, guid: 75a4c7841069bc345b77f839d48a99e9, type: 2}
      propertyPath: m_LocalPosition.y
      value: 2.5
      objectReference: {fileID: 0}
    - target: {fileID: 4537324266162860, guid: 75a4c7841069bc345b77f839d48a99e9, type: 2}
      propertyPath: m_LocalPosition.z
      value: 0
      objectReference: {fileID: 0}
    - target: {fileID: 4537324266162860, guid: 75a4c7841069bc345b77f839d48a99e9, type: 2}
      propertyPath: m_LocalRotation.x
      value: -0
      objectReference: {fileID: 0}
    - target: {fileID: 4537324266162860, guid: 75a4c7841069bc345b77f839d48a99e9, type: 2}
      propertyPath: m_LocalRotation.y
      value: -0
      objectReference: {fileID: 0}
    - target: {fileID: 4537324266162860, guid: 75a4c7841069bc345b77f839d48a99e9, type: 2}
      propertyPath: m_LocalRotation.z
      value: -0
      objectReference: {fileID: 0}
    - target: {fileID: 4537324266162860, guid: 75a4c7841069bc345b77f839d48a99e9, type: 2}
      propertyPath: m_LocalRotation.w
      value: 1
      objectReference: {fileID: 0}
    - target: {fileID: 4537324266162860, guid: 75a4c7841069bc345b77f839d48a99e9, type: 2}
      propertyPath: m_RootOrder
      value: 6
      objectReference: {fileID: 0}
    m_RemovedComponents: []
  m_ParentPrefab: {fileID: 100100000, guid: 75a4c7841069bc345b77f839d48a99e9, type: 2}
  m_IsPrefabParent: 0
--- !u!4 &82867598 stripped
Transform:
  m_PrefabParentObject: {fileID: 4537324266162860, guid: 75a4c7841069bc345b77f839d48a99e9,
    type: 2}
  m_PrefabInternal: {fileID: 82867597}
--- !u!1 &128504853
GameObject:
  m_ObjectHideFlags: 0
  m_PrefabParentObject: {fileID: 0}
  m_PrefabInternal: {fileID: 0}
  serializedVersion: 5
  m_Component:
  - component: {fileID: 128504854}
  m_Layer: 0
  m_Name: Room1
  m_TagString: Untagged
  m_Icon: {fileID: 0}
  m_NavMeshLayer: 0
  m_StaticEditorFlags: 0
  m_IsActive: 1
--- !u!4 &128504854
Transform:
  m_ObjectHideFlags: 0
  m_PrefabParentObject: {fileID: 0}
  m_PrefabInternal: {fileID: 0}
  m_GameObject: {fileID: 128504853}
  m_LocalRotation: {x: -0, y: -0, z: -0, w: 1}
  m_LocalPosition: {x: 0, y: 0, z: 0}
  m_LocalScale: {x: 1, y: 1, z: 1}
  m_Children:
  - {fileID: 1030339927}
  - {fileID: 329937166}
  - {fileID: 1071370087}
  - {fileID: 473805372}
  - {fileID: 1074943074}
  - {fileID: 1320940781}
  - {fileID: 206045397}
  m_Father: {fileID: 0}
  m_RootOrder: 3
  m_LocalEulerAnglesHint: {x: 0, y: 0, z: 0}
--- !u!4 &206045397 stripped
Transform:
  m_PrefabParentObject: {fileID: 4943349358186770, guid: 777f9a163765c86498e1876905ee94d6,
    type: 2}
  m_PrefabInternal: {fileID: 476177121}
--- !u!1 &243991591
GameObject:
  m_ObjectHideFlags: 0
  m_PrefabParentObject: {fileID: 0}
  m_PrefabInternal: {fileID: 0}
  serializedVersion: 5
  m_Component:
  - component: {fileID: 243991592}
  - component: {fileID: 243991595}
  - component: {fileID: 243991594}
  - component: {fileID: 243991593}
  m_Layer: 5
  m_Name: Switch
  m_TagString: Untagged
  m_Icon: {fileID: 0}
  m_NavMeshLayer: 0
  m_StaticEditorFlags: 0
  m_IsActive: 1
--- !u!224 &243991592
RectTransform:
  m_ObjectHideFlags: 0
  m_PrefabParentObject: {fileID: 0}
  m_PrefabInternal: {fileID: 0}
  m_GameObject: {fileID: 243991591}
  m_LocalRotation: {x: 0, y: 0, z: 0, w: 1}
  m_LocalPosition: {x: 0, y: 0, z: 0}
  m_LocalScale: {x: 1, y: 1, z: 1}
  m_Children:
  - {fileID: 1297127045}
  m_Father: {fileID: 1039823403}
  m_RootOrder: 0
  m_LocalEulerAnglesHint: {x: 0, y: 0, z: 0}
  m_AnchorMin: {x: 0.5, y: 0.5}
  m_AnchorMax: {x: 0.5, y: 0.5}
  m_AnchoredPosition: {x: 0, y: -133}
  m_SizeDelta: {x: 160, y: 30}
  m_Pivot: {x: 0.5, y: 0.5}
--- !u!114 &243991593
MonoBehaviour:
  m_ObjectHideFlags: 0
  m_PrefabParentObject: {fileID: 0}
  m_PrefabInternal: {fileID: 0}
  m_GameObject: {fileID: 243991591}
  m_Enabled: 1
  m_EditorHideFlags: 0
  m_Script: {fileID: 1392445389, guid: f70555f144d8491a825f0804e09c671c, type: 3}
  m_Name: 
  m_EditorClassIdentifier: 
  m_Navigation:
    m_Mode: 3
    m_SelectOnUp: {fileID: 0}
    m_SelectOnDown: {fileID: 0}
    m_SelectOnLeft: {fileID: 0}
    m_SelectOnRight: {fileID: 0}
  m_Transition: 1
  m_Colors:
    m_NormalColor: {r: 0.49264705, g: 0.49264705, b: 0.49264705, a: 1}
    m_HighlightedColor: {r: 0.5808823, g: 0.5808823, b: 0.5808823, a: 1}
    m_PressedColor: {r: 0.61764705, g: 0.61764705, b: 0.61764705, a: 1}
    m_DisabledColor: {r: 0.78431374, g: 0.78431374, b: 0.78431374, a: 0.5019608}
    m_ColorMultiplier: 1
    m_FadeDuration: 0.1
  m_SpriteState:
    m_HighlightedSprite: {fileID: 0}
    m_PressedSprite: {fileID: 0}
    m_DisabledSprite: {fileID: 0}
  m_AnimationTriggers:
    m_NormalTrigger: Normal
    m_HighlightedTrigger: Highlighted
    m_PressedTrigger: Pressed
    m_DisabledTrigger: Disabled
  m_Interactable: 1
  m_TargetGraphic: {fileID: 243991594}
  m_OnClick:
    m_PersistentCalls:
      m_Calls:
      - m_Target: {fileID: 289124218}
        m_MethodName: darkenMat
        m_Mode: 1
        m_Arguments:
          m_ObjectArgument: {fileID: 0}
          m_ObjectArgumentAssemblyTypeName: UnityEngine.Object, UnityEngine
          m_IntArgument: 0
          m_FloatArgument: 0
          m_StringArgument: 
          m_BoolArgument: 1
        m_CallState: 2
    m_TypeName: UnityEngine.UI.Button+ButtonClickedEvent, UnityEngine.UI, Version=1.0.0.0,
      Culture=neutral, PublicKeyToken=null
--- !u!114 &243991594
MonoBehaviour:
  m_ObjectHideFlags: 0
  m_PrefabParentObject: {fileID: 0}
  m_PrefabInternal: {fileID: 0}
  m_GameObject: {fileID: 243991591}
  m_Enabled: 1
  m_EditorHideFlags: 0
  m_Script: {fileID: -765806418, guid: f70555f144d8491a825f0804e09c671c, type: 3}
  m_Name: 
  m_EditorClassIdentifier: 
  m_Material: {fileID: 0}
  m_Color: {r: 1, g: 1, b: 1, a: 1}
  m_RaycastTarget: 1
  m_OnCullStateChanged:
    m_PersistentCalls:
      m_Calls: []
    m_TypeName: UnityEngine.UI.MaskableGraphic+CullStateChangedEvent, UnityEngine.UI,
      Version=1.0.0.0, Culture=neutral, PublicKeyToken=null
  m_Sprite: {fileID: 10905, guid: 0000000000000000f000000000000000, type: 0}
  m_Type: 1
  m_PreserveAspect: 0
  m_FillCenter: 1
  m_FillMethod: 4
  m_FillAmount: 1
  m_FillClockwise: 1
  m_FillOrigin: 0
--- !u!222 &243991595
CanvasRenderer:
  m_ObjectHideFlags: 0
  m_PrefabParentObject: {fileID: 0}
  m_PrefabInternal: {fileID: 0}
  m_GameObject: {fileID: 243991591}
--- !u!1001 &257025305
Prefab:
  m_ObjectHideFlags: 0
  serializedVersion: 2
  m_Modification:
    m_TransformParent: {fileID: 589666779}
    m_Modifications:
    - target: {fileID: 4331486814455428, guid: 04d391abbe1823c4f84f9d253ac8d4f9, type: 2}
      propertyPath: m_LocalPosition.x
      value: 2.5
      objectReference: {fileID: 0}
    - target: {fileID: 4331486814455428, guid: 04d391abbe1823c4f84f9d253ac8d4f9, type: 2}
      propertyPath: m_LocalPosition.y
      value: 2.5
      objectReference: {fileID: 0}
    - target: {fileID: 4331486814455428, guid: 04d391abbe1823c4f84f9d253ac8d4f9, type: 2}
      propertyPath: m_LocalPosition.z
      value: 0
      objectReference: {fileID: 0}
    - target: {fileID: 4331486814455428, guid: 04d391abbe1823c4f84f9d253ac8d4f9, type: 2}
      propertyPath: m_LocalRotation.x
      value: -0
      objectReference: {fileID: 0}
    - target: {fileID: 4331486814455428, guid: 04d391abbe1823c4f84f9d253ac8d4f9, type: 2}
      propertyPath: m_LocalRotation.y
      value: -0
      objectReference: {fileID: 0}
    - target: {fileID: 4331486814455428, guid: 04d391abbe1823c4f84f9d253ac8d4f9, type: 2}
      propertyPath: m_LocalRotation.z
      value: -0
      objectReference: {fileID: 0}
    - target: {fileID: 4331486814455428, guid: 04d391abbe1823c4f84f9d253ac8d4f9, type: 2}
      propertyPath: m_LocalRotation.w
      value: 1
      objectReference: {fileID: 0}
    - target: {fileID: 4331486814455428, guid: 04d391abbe1823c4f84f9d253ac8d4f9, type: 2}
      propertyPath: m_RootOrder
      value: 8
      objectReference: {fileID: 0}
    m_RemovedComponents: []
  m_ParentPrefab: {fileID: 100100000, guid: 04d391abbe1823c4f84f9d253ac8d4f9, type: 2}
  m_IsPrefabParent: 0
--- !u!4 &257025306
Transform:
  m_ObjectHideFlags: 0
  m_PrefabParentObject: {fileID: 4331486814455428, guid: 04d391abbe1823c4f84f9d253ac8d4f9,
    type: 2}
  m_PrefabInternal: {fileID: 257025305}
  m_GameObject: {fileID: 469708818}
  m_LocalRotation: {x: 0, y: 0, z: 0, w: 1}
  m_LocalPosition: {x: 0, y: 0, z: 0}
  m_LocalScale: {x: 1, y: 1, z: 1}
  m_Children: []
  m_Father: {fileID: 1071701630}
  m_RootOrder: 0
  m_LocalEulerAnglesHint: {x: 0, y: 0, z: 0}
--- !u!1 &289124214
GameObject:
  m_ObjectHideFlags: 0
  m_PrefabParentObject: {fileID: 0}
  m_PrefabInternal: {fileID: 0}
  serializedVersion: 5
  m_Component:
  - component: {fileID: 289124217}
  - component: {fileID: 289124216}
  - component: {fileID: 289124215}
  - component: {fileID: 289124218}
  m_Layer: 0
  m_Name: EventSystem
  m_TagString: Untagged
  m_Icon: {fileID: 0}
  m_NavMeshLayer: 0
  m_StaticEditorFlags: 0
  m_IsActive: 1
--- !u!114 &289124215
MonoBehaviour:
  m_ObjectHideFlags: 0
  m_PrefabParentObject: {fileID: 0}
  m_PrefabInternal: {fileID: 0}
  m_GameObject: {fileID: 289124214}
  m_Enabled: 1
  m_EditorHideFlags: 0
  m_Script: {fileID: 1077351063, guid: f70555f144d8491a825f0804e09c671c, type: 3}
  m_Name: 
  m_EditorClassIdentifier: 
  m_HorizontalAxis: Horizontal
  m_VerticalAxis: Vertical
  m_SubmitButton: Submit
  m_CancelButton: Cancel
  m_InputActionsPerSecond: 10
  m_RepeatDelay: 0.5
  m_ForceModuleActive: 0
--- !u!114 &289124216
MonoBehaviour:
  m_ObjectHideFlags: 0
  m_PrefabParentObject: {fileID: 0}
  m_PrefabInternal: {fileID: 0}
  m_GameObject: {fileID: 289124214}
  m_Enabled: 1
  m_EditorHideFlags: 0
  m_Script: {fileID: -619905303, guid: f70555f144d8491a825f0804e09c671c, type: 3}
  m_Name: 
  m_EditorClassIdentifier: 
  m_FirstSelected: {fileID: 0}
  m_sendNavigationEvents: 1
  m_DragThreshold: 5
--- !u!4 &289124217
Transform:
  m_ObjectHideFlags: 0
  m_PrefabParentObject: {fileID: 0}
  m_PrefabInternal: {fileID: 0}
  m_GameObject: {fileID: 289124214}
  m_LocalRotation: {x: 0, y: 0, z: 0, w: 1}
  m_LocalPosition: {x: 0, y: 0, z: 0}
  m_LocalScale: {x: 1, y: 1, z: 1}
  m_Children: []
  m_Father: {fileID: 0}
  m_RootOrder: 2
  m_LocalEulerAnglesHint: {x: 0, y: 0, z: 0}
--- !u!114 &289124218
MonoBehaviour:
  m_ObjectHideFlags: 0
  m_PrefabParentObject: {fileID: 0}
  m_PrefabInternal: {fileID: 0}
  m_GameObject: {fileID: 289124214}
  m_Enabled: 1
  m_EditorHideFlags: 0
  m_Script: {fileID: 11500000, guid: 2e516a3180b22ed428b7c73c4207f001, type: 3}
  m_Name: 
  m_EditorClassIdentifier: 
  mat: {fileID: 2100000, guid: bcfb2ca4e133f8545a50321fac532b4c, type: 2}
--- !u!1001 &311888444
Prefab:
  m_ObjectHideFlags: 0
  serializedVersion: 2
  m_Modification:
    m_TransformParent: {fileID: 128504854}
    m_Modifications:
    - target: {fileID: 4986852133983870, guid: 0918034fb6422e74d8cec5d29783c15d, type: 2}
      propertyPath: m_LocalPosition.x
      value: -1.5
      objectReference: {fileID: 0}
    - target: {fileID: 4986852133983870, guid: 0918034fb6422e74d8cec5d29783c15d, type: 2}
      propertyPath: m_LocalPosition.y
      value: 0.5
      objectReference: {fileID: 0}
    - target: {fileID: 4986852133983870, guid: 0918034fb6422e74d8cec5d29783c15d, type: 2}
      propertyPath: m_LocalPosition.z
      value: 0
      objectReference: {fileID: 0}
    - target: {fileID: 4986852133983870, guid: 0918034fb6422e74d8cec5d29783c15d, type: 2}
      propertyPath: m_LocalRotation.x
      value: -0
      objectReference: {fileID: 0}
    - target: {fileID: 4986852133983870, guid: 0918034fb6422e74d8cec5d29783c15d, type: 2}
      propertyPath: m_LocalRotation.y
      value: -0
      objectReference: {fileID: 0}
    - target: {fileID: 4986852133983870, guid: 0918034fb6422e74d8cec5d29783c15d, type: 2}
      propertyPath: m_LocalRotation.z
      value: -0
      objectReference: {fileID: 0}
    - target: {fileID: 4986852133983870, guid: 0918034fb6422e74d8cec5d29783c15d, type: 2}
      propertyPath: m_LocalRotation.w
      value: 1
      objectReference: {fileID: 0}
    - target: {fileID: 4986852133983870, guid: 0918034fb6422e74d8cec5d29783c15d, type: 2}
      propertyPath: m_RootOrder
      value: 1
      objectReference: {fileID: 0}
    m_RemovedComponents: []
  m_ParentPrefab: {fileID: 100100000, guid: 0918034fb6422e74d8cec5d29783c15d, type: 2}
  m_IsPrefabParent: 0
--- !u!4 &329937166 stripped
Transform:
  m_PrefabParentObject: {fileID: 4986852133983870, guid: 0918034fb6422e74d8cec5d29783c15d,
    type: 2}
  m_PrefabInternal: {fileID: 311888444}
--- !u!1 &336585279
GameObject:
  m_ObjectHideFlags: 0
  m_PrefabParentObject: {fileID: 0}
  m_PrefabInternal: {fileID: 0}
  serializedVersion: 5
  m_Component:
  - component: {fileID: 336585284}
  - component: {fileID: 336585283}
  - component: {fileID: 336585282}
  - component: {fileID: 336585281}
  - component: {fileID: 336585280}
  - component: {fileID: 336585285}
  m_Layer: 0
  m_Name: Main Camera
  m_TagString: MainCamera
  m_Icon: {fileID: 0}
  m_NavMeshLayer: 0
  m_StaticEditorFlags: 0
  m_IsActive: 1
--- !u!81 &336585280
AudioListener:
  m_ObjectHideFlags: 0
  m_PrefabParentObject: {fileID: 0}
  m_PrefabInternal: {fileID: 0}
  m_GameObject: {fileID: 336585279}
  m_Enabled: 1
--- !u!124 &336585281
Behaviour:
  m_ObjectHideFlags: 0
  m_PrefabParentObject: {fileID: 0}
  m_PrefabInternal: {fileID: 0}
  m_GameObject: {fileID: 336585279}
  m_Enabled: 1
--- !u!92 &336585282
Behaviour:
  m_ObjectHideFlags: 0
  m_PrefabParentObject: {fileID: 0}
  m_PrefabInternal: {fileID: 0}
  m_GameObject: {fileID: 336585279}
  m_Enabled: 1
--- !u!20 &336585283
Camera:
  m_ObjectHideFlags: 0
  m_PrefabParentObject: {fileID: 0}
  m_PrefabInternal: {fileID: 0}
  m_GameObject: {fileID: 336585279}
  m_Enabled: 1
  serializedVersion: 2
  m_ClearFlags: 2
  m_BackGroundColor: {r: 0.19852942, g: 0, b: 0.17662272, a: 0}
  m_NormalizedViewPortRect:
    serializedVersion: 2
    x: 0
    y: 0
    width: 1
    height: 1
  near clip plane: 9
  far clip plane: 11
  field of view: 60
  orthographic: 1
  orthographic size: 5
  m_Depth: -1
  m_CullingMask:
    serializedVersion: 2
    m_Bits: 4294967295
  m_RenderingPath: -1
  m_TargetTexture: {fileID: 0}
  m_TargetDisplay: 0
  m_TargetEye: 3
  m_HDR: 1
  m_AllowMSAA: 1
  m_ForceIntoRT: 0
  m_OcclusionCulling: 1
  m_StereoConvergence: 10
  m_StereoSeparation: 0.022
  m_StereoMirrorMode: 0
--- !u!4 &336585284
Transform:
  m_ObjectHideFlags: 0
  m_PrefabParentObject: {fileID: 0}
  m_PrefabInternal: {fileID: 0}
  m_GameObject: {fileID: 336585279}
  m_LocalRotation: {x: -0, y: -0, z: -0, w: 1}
  m_LocalPosition: {x: 0, y: 0, z: -10}
  m_LocalScale: {x: 1, y: 1, z: 1}
  m_Children: []
  m_Father: {fileID: 0}
  m_RootOrder: 0
  m_LocalEulerAnglesHint: {x: 0, y: 0, z: 0}
--- !u!114 &336585285
MonoBehaviour:
  m_ObjectHideFlags: 0
  m_PrefabParentObject: {fileID: 0}
  m_PrefabInternal: {fileID: 0}
  m_GameObject: {fileID: 336585279}
  m_Enabled: 1
  m_EditorHideFlags: 0
  m_Script: {fileID: 11500000, guid: acfb88821f0bab7479c9abebe7cfbe9c, type: 3}
  m_Name: 
  m_EditorClassIdentifier: 
  mm: {fileID: 114180205144446356, guid: 945124ea79c4bda4397901ca166d30c6, type: 2}
--- !u!1001 &342096287
Prefab:
  m_ObjectHideFlags: 0
  serializedVersion: 2
  m_Modification:
    m_TransformParent: {fileID: 589666779}
    m_Modifications:
    - target: {fileID: 4628240515722290, guid: 0e670b4ece8ffa4479aa558e9a9cbffe, type: 2}
      propertyPath: m_LocalPosition.x
      value: -2.5
      objectReference: {fileID: 0}
    - target: {fileID: 4628240515722290, guid: 0e670b4ece8ffa4479aa558e9a9cbffe, type: 2}
      propertyPath: m_LocalPosition.y
      value: 2.5
      objectReference: {fileID: 0}
    - target: {fileID: 4628240515722290, guid: 0e670b4ece8ffa4479aa558e9a9cbffe, type: 2}
      propertyPath: m_LocalPosition.z
      value: 0
      objectReference: {fileID: 0}
    - target: {fileID: 4628240515722290, guid: 0e670b4ece8ffa4479aa558e9a9cbffe, type: 2}
      propertyPath: m_LocalRotation.x
      value: -0
      objectReference: {fileID: 0}
    - target: {fileID: 4628240515722290, guid: 0e670b4ece8ffa4479aa558e9a9cbffe, type: 2}
      propertyPath: m_LocalRotation.y
      value: -0
      objectReference: {fileID: 0}
    - target: {fileID: 4628240515722290, guid: 0e670b4ece8ffa4479aa558e9a9cbffe, type: 2}
      propertyPath: m_LocalRotation.z
      value: -0
      objectReference: {fileID: 0}
    - target: {fileID: 4628240515722290, guid: 0e670b4ece8ffa4479aa558e9a9cbffe, type: 2}
      propertyPath: m_LocalRotation.w
      value: 1
      objectReference: {fileID: 0}
    - target: {fileID: 4628240515722290, guid: 0e670b4ece8ffa4479aa558e9a9cbffe, type: 2}
      propertyPath: m_RootOrder
      value: 14
      objectReference: {fileID: 0}
    m_RemovedComponents: []
  m_ParentPrefab: {fileID: 100100000, guid: 0e670b4ece8ffa4479aa558e9a9cbffe, type: 2}
  m_IsPrefabParent: 0
--- !u!4 &342096288 stripped
Transform:
  m_PrefabParentObject: {fileID: 4628240515722290, guid: 0e670b4ece8ffa4479aa558e9a9cbffe,
    type: 2}
  m_PrefabInternal: {fileID: 342096287}
--- !u!1 &450201623
GameObject:
  m_ObjectHideFlags: 0
  m_PrefabParentObject: {fileID: 0}
  m_PrefabInternal: {fileID: 0}
  serializedVersion: 5
  m_Component:
  - component: {fileID: 450201624}
  m_Layer: 0
  m_Name: Map x1.25
  m_TagString: Untagged
  m_Icon: {fileID: 0}
  m_NavMeshLayer: 0
  m_StaticEditorFlags: 0
  m_IsActive: 1
--- !u!4 &450201624
Transform:
  m_ObjectHideFlags: 0
  m_PrefabParentObject: {fileID: 0}
  m_PrefabInternal: {fileID: 0}
  m_GameObject: {fileID: 450201623}
  m_LocalRotation: {x: 0, y: 0, z: 0, w: 1}
  m_LocalPosition: {x: 0, y: 0, z: 0}
  m_LocalScale: {x: 1.25, y: 1.25, z: 1}
  m_Children:
  - {fileID: 1947121309}
  - {fileID: 1934239705}
  - {fileID: 633944613}
  m_Father: {fileID: 0}
  m_RootOrder: 5
  m_LocalEulerAnglesHint: {x: 0, y: 0, z: 0}
--- !u!1 &469708818
GameObject:
  m_ObjectHideFlags: 0
  m_PrefabParentObject: {fileID: 0}
  m_PrefabInternal: {fileID: 257025305}
  serializedVersion: 5
  m_Component:
  - component: {fileID: 257025306}
  m_Layer: 0
  m_Name: Missing Prefab (Dummy)
  m_TagString: Untagged
  m_Icon: {fileID: 0}
  m_NavMeshLayer: 0
  m_StaticEditorFlags: 0
  m_IsActive: 1
--- !u!4 &473805372 stripped
Transform:
  m_PrefabParentObject: {fileID: 4290208544942498, guid: 94aadc2ccdc6ff54b9fe5fe66ab07633,
    type: 2}
  m_PrefabInternal: {fileID: 2107368978}
--- !u!1001 &476177121
Prefab:
  m_ObjectHideFlags: 0
  serializedVersion: 2
  m_Modification:
    m_TransformParent: {fileID: 128504854}
    m_Modifications:
    - target: {fileID: 4943349358186770, guid: 777f9a163765c86498e1876905ee94d6, type: 2}
      propertyPath: m_LocalPosition.x
      value: -2.5
      objectReference: {fileID: 0}
    - target: {fileID: 4943349358186770, guid: 777f9a163765c86498e1876905ee94d6, type: 2}
      propertyPath: m_LocalPosition.y
      value: 2.5
      objectReference: {fileID: 0}
    - target: {fileID: 4943349358186770, guid: 777f9a163765c86498e1876905ee94d6, type: 2}
      propertyPath: m_LocalPosition.z
      value: 0
      objectReference: {fileID: 0}
    - target: {fileID: 4943349358186770, guid: 777f9a163765c86498e1876905ee94d6, type: 2}
      propertyPath: m_LocalRotation.x
      value: -0
      objectReference: {fileID: 0}
    - target: {fileID: 4943349358186770, guid: 777f9a163765c86498e1876905ee94d6, type: 2}
      propertyPath: m_LocalRotation.y
      value: -0
      objectReference: {fileID: 0}
    - target: {fileID: 4943349358186770, guid: 777f9a163765c86498e1876905ee94d6, type: 2}
      propertyPath: m_LocalRotation.z
      value: -0
      objectReference: {fileID: 0}
    - target: {fileID: 4943349358186770, guid: 777f9a163765c86498e1876905ee94d6, type: 2}
      propertyPath: m_LocalRotation.w
      value: 1
      objectReference: {fileID: 0}
    - target: {fileID: 4943349358186770, guid: 777f9a163765c86498e1876905ee94d6, type: 2}
      propertyPath: m_RootOrder
      value: 6
      objectReference: {fileID: 0}
    m_RemovedComponents: []
  m_ParentPrefab: {fileID: 100100000, guid: 777f9a163765c86498e1876905ee94d6, type: 2}
  m_IsPrefabParent: 0
--- !u!1001 &566310555
Prefab:
  m_ObjectHideFlags: 0
  serializedVersion: 2
  m_Modification:
    m_TransformParent: {fileID: 589666779}
    m_Modifications:
    - target: {fileID: 4226991964821872, guid: 337bfa8b637c34a49ac0273427842b53, type: 2}
      propertyPath: m_LocalPosition.x
      value: -1
      objectReference: {fileID: 0}
    - target: {fileID: 4226991964821872, guid: 337bfa8b637c34a49ac0273427842b53, type: 2}
      propertyPath: m_LocalPosition.y
      value: -2.5
      objectReference: {fileID: 0}
    - target: {fileID: 4226991964821872, guid: 337bfa8b637c34a49ac0273427842b53, type: 2}
      propertyPath: m_LocalPosition.z
      value: 0
      objectReference: {fileID: 0}
    - target: {fileID: 4226991964821872, guid: 337bfa8b637c34a49ac0273427842b53, type: 2}
      propertyPath: m_LocalRotation.x
      value: -0
      objectReference: {fileID: 0}
    - target: {fileID: 4226991964821872, guid: 337bfa8b637c34a49ac0273427842b53, type: 2}
      propertyPath: m_LocalRotation.y
      value: -0
      objectReference: {fileID: 0}
    - target: {fileID: 4226991964821872, guid: 337bfa8b637c34a49ac0273427842b53, type: 2}
      propertyPath: m_LocalRotation.z
      value: -0
      objectReference: {fileID: 0}
    - target: {fileID: 4226991964821872, guid: 337bfa8b637c34a49ac0273427842b53, type: 2}
      propertyPath: m_LocalRotation.w
      value: 1
      objectReference: {fileID: 0}
    - target: {fileID: 4226991964821872, guid: 337bfa8b637c34a49ac0273427842b53, type: 2}
      propertyPath: m_RootOrder
      value: 9
      objectReference: {fileID: 0}
    m_RemovedComponents: []
  m_ParentPrefab: {fileID: 100100000, guid: 337bfa8b637c34a49ac0273427842b53, type: 2}
  m_IsPrefabParent: 0
--- !u!4 &566310556 stripped
Transform:
  m_PrefabParentObject: {fileID: 4226991964821872, guid: 337bfa8b637c34a49ac0273427842b53,
    type: 2}
  m_PrefabInternal: {fileID: 566310555}
--- !u!1 &589666778
GameObject:
  m_ObjectHideFlags: 0
  m_PrefabParentObject: {fileID: 0}
  m_PrefabInternal: {fileID: 0}
  serializedVersion: 5
  m_Component:
  - component: {fileID: 589666779}
  m_Layer: 0
  m_Name: Room2
  m_TagString: Untagged
  m_Icon: {fileID: 0}
  m_NavMeshLayer: 0
  m_StaticEditorFlags: 0
  m_IsActive: 1
--- !u!4 &589666779
Transform:
  m_ObjectHideFlags: 0
  m_PrefabParentObject: {fileID: 0}
  m_PrefabInternal: {fileID: 0}
  m_GameObject: {fileID: 589666778}
  m_LocalRotation: {x: -0, y: -0, z: -0, w: 1}
  m_LocalPosition: {x: 10, y: 0, z: 0}
  m_LocalScale: {x: 1, y: 1, z: 1}
  m_Children:
  - {fileID: 2080749971}
  - {fileID: 893732214}
  - {fileID: 1060099162}
  - {fileID: 1718590243}
  - {fileID: 598484202}
  - {fileID: 1594772828}
  - {fileID: 82867598}
  - {fileID: 938518926}
  - {fileID: 1071701630}
  - {fileID: 566310556}
  - {fileID: 1361000443}
  - {fileID: 2048464018}
  - {fileID: 922256293}
  - {fileID: 1395985456}
  - {fileID: 342096288}
  m_Father: {fileID: 0}
  m_RootOrder: 4
  m_LocalEulerAnglesHint: {x: 0, y: 0, z: 0}
--- !u!1001 &598484201
Prefab:
  m_ObjectHideFlags: 0
  serializedVersion: 2
  m_Modification:
    m_TransformParent: {fileID: 589666779}
    m_Modifications:
    - target: {fileID: 4921775627088356, guid: 38620acd723712e47a250823fe1bcf5d, type: 2}
      propertyPath: m_LocalPosition.x
      value: -1.25
      objectReference: {fileID: 0}
    - target: {fileID: 4921775627088356, guid: 38620acd723712e47a250823fe1bcf5d, type: 2}
      propertyPath: m_LocalPosition.y
      value: 2.5
      objectReference: {fileID: 0}
    - target: {fileID: 4921775627088356, guid: 38620acd723712e47a250823fe1bcf5d, type: 2}
      propertyPath: m_LocalPosition.z
      value: 0
      objectReference: {fileID: 0}
    - target: {fileID: 4921775627088356, guid: 38620acd723712e47a250823fe1bcf5d, type: 2}
      propertyPath: m_LocalRotation.x
      value: -0
      objectReference: {fileID: 0}
    - target: {fileID: 4921775627088356, guid: 38620acd723712e47a250823fe1bcf5d, type: 2}
      propertyPath: m_LocalRotation.y
      value: -0
      objectReference: {fileID: 0}
    - target: {fileID: 4921775627088356, guid: 38620acd723712e47a250823fe1bcf5d, type: 2}
      propertyPath: m_LocalRotation.z
      value: -0
      objectReference: {fileID: 0}
    - target: {fileID: 4921775627088356, guid: 38620acd723712e47a250823fe1bcf5d, type: 2}
      propertyPath: m_LocalRotation.w
      value: 1
      objectReference: {fileID: 0}
    - target: {fileID: 4921775627088356, guid: 38620acd723712e47a250823fe1bcf5d, type: 2}
      propertyPath: m_RootOrder
      value: 4
      objectReference: {fileID: 0}
    m_RemovedComponents: []
  m_ParentPrefab: {fileID: 100100000, guid: 38620acd723712e47a250823fe1bcf5d, type: 2}
  m_IsPrefabParent: 0
--- !u!4 &598484202 stripped
Transform:
  m_PrefabParentObject: {fileID: 4921775627088356, guid: 38620acd723712e47a250823fe1bcf5d,
    type: 2}
  m_PrefabInternal: {fileID: 598484201}
--- !u!1001 &633944612
Prefab:
  m_ObjectHideFlags: 0
  serializedVersion: 2
  m_Modification:
    m_TransformParent: {fileID: 450201624}
    m_Modifications:
    - target: {fileID: 4029989224489286, guid: ca1525554f90c234dbc596829698e8c7, type: 2}
      propertyPath: m_LocalPosition.x
      value: 8
      objectReference: {fileID: 0}
    - target: {fileID: 4029989224489286, guid: ca1525554f90c234dbc596829698e8c7, type: 2}
      propertyPath: m_LocalPosition.y
      value: 0
      objectReference: {fileID: 0}
    - target: {fileID: 4029989224489286, guid: ca1525554f90c234dbc596829698e8c7, type: 2}
      propertyPath: m_LocalPosition.z
      value: 0
      objectReference: {fileID: 0}
    - target: {fileID: 4029989224489286, guid: ca1525554f90c234dbc596829698e8c7, type: 2}
      propertyPath: m_LocalRotation.x
      value: -0
      objectReference: {fileID: 0}
    - target: {fileID: 4029989224489286, guid: ca1525554f90c234dbc596829698e8c7, type: 2}
      propertyPath: m_LocalRotation.y
      value: -0
      objectReference: {fileID: 0}
    - target: {fileID: 4029989224489286, guid: ca1525554f90c234dbc596829698e8c7, type: 2}
      propertyPath: m_LocalRotation.z
      value: -0
      objectReference: {fileID: 0}
    - target: {fileID: 4029989224489286, guid: ca1525554f90c234dbc596829698e8c7, type: 2}
      propertyPath: m_LocalRotation.w
      value: 1
      objectReference: {fileID: 0}
    - target: {fileID: 4029989224489286, guid: ca1525554f90c234dbc596829698e8c7, type: 2}
      propertyPath: m_RootOrder
      value: 2
      objectReference: {fileID: 0}
    - target: {fileID: 4029989224489286, guid: ca1525554f90c234dbc596829698e8c7, type: 2}
      propertyPath: m_LocalScale.x
      value: 1
      objectReference: {fileID: 0}
    - target: {fileID: 4029989224489286, guid: ca1525554f90c234dbc596829698e8c7, type: 2}
      propertyPath: m_LocalScale.y
      value: 1
      objectReference: {fileID: 0}
    - target: {fileID: 1625933634335754, guid: ca1525554f90c234dbc596829698e8c7, type: 2}
      propertyPath: m_IsActive
      value: 1
      objectReference: {fileID: 0}
    m_RemovedComponents: []
  m_ParentPrefab: {fileID: 100100000, guid: ca1525554f90c234dbc596829698e8c7, type: 2}
  m_IsPrefabParent: 0
--- !u!4 &633944613 stripped
Transform:
  m_PrefabParentObject: {fileID: 4029989224489286, guid: ca1525554f90c234dbc596829698e8c7,
    type: 2}
  m_PrefabInternal: {fileID: 633944612}
--- !u!1001 &893732213
Prefab:
  m_ObjectHideFlags: 0
  serializedVersion: 2
  m_Modification:
    m_TransformParent: {fileID: 589666779}
    m_Modifications:
    - target: {fileID: 4123652442970022, guid: 95b3ffd5ed85a974383673aae63a1af9, type: 2}
      propertyPath: m_LocalPosition.x
      value: -3.5
      objectReference: {fileID: 0}
    - target: {fileID: 4123652442970022, guid: 95b3ffd5ed85a974383673aae63a1af9, type: 2}
      propertyPath: m_LocalPosition.y
      value: 0
      objectReference: {fileID: 0}
    - target: {fileID: 4123652442970022, guid: 95b3ffd5ed85a974383673aae63a1af9, type: 2}
      propertyPath: m_LocalPosition.z
      value: 0
      objectReference: {fileID: 0}
    - target: {fileID: 4123652442970022, guid: 95b3ffd5ed85a974383673aae63a1af9, type: 2}
      propertyPath: m_LocalRotation.x
      value: -0
      objectReference: {fileID: 0}
    - target: {fileID: 4123652442970022, guid: 95b3ffd5ed85a974383673aae63a1af9, type: 2}
      propertyPath: m_LocalRotation.y
      value: -0
      objectReference: {fileID: 0}
    - target: {fileID: 4123652442970022, guid: 95b3ffd5ed85a974383673aae63a1af9, type: 2}
      propertyPath: m_LocalRotation.z
      value: -0
      objectReference: {fileID: 0}
    - target: {fileID: 4123652442970022, guid: 95b3ffd5ed85a974383673aae63a1af9, type: 2}
      propertyPath: m_LocalRotation.w
      value: 1
      objectReference: {fileID: 0}
    - target: {fileID: 4123652442970022, guid: 95b3ffd5ed85a974383673aae63a1af9, type: 2}
      propertyPath: m_RootOrder
      value: 1
      objectReference: {fileID: 0}
    - target: {fileID: 1833848531674964, guid: 95b3ffd5ed85a974383673aae63a1af9, type: 2}
      propertyPath: m_Name
      value: Web (1)
      objectReference: {fileID: 0}
    m_RemovedComponents: []
  m_ParentPrefab: {fileID: 100100000, guid: 95b3ffd5ed85a974383673aae63a1af9, type: 2}
  m_IsPrefabParent: 0
--- !u!4 &893732214 stripped
Transform:
  m_PrefabParentObject: {fileID: 4123652442970022, guid: 95b3ffd5ed85a974383673aae63a1af9,
    type: 2}
  m_PrefabInternal: {fileID: 893732213}
--- !u!1001 &922256292
Prefab:
  m_ObjectHideFlags: 0
  serializedVersion: 2
  m_Modification:
    m_TransformParent: {fileID: 589666779}
    m_Modifications:
    - target: {fileID: 4801643768354562, guid: ce113e9c9e36082439fdb680fac29819, type: 2}
      propertyPath: m_LocalPosition.x
      value: 2.5
      objectReference: {fileID: 0}
    - target: {fileID: 4801643768354562, guid: ce113e9c9e36082439fdb680fac29819, type: 2}
      propertyPath: m_LocalPosition.y
      value: 0
      objectReference: {fileID: 0}
    - target: {fileID: 4801643768354562, guid: ce113e9c9e36082439fdb680fac29819, type: 2}
      propertyPath: m_LocalPosition.z
      value: 0
      objectReference: {fileID: 0}
    - target: {fileID: 4801643768354562, guid: ce113e9c9e36082439fdb680fac29819, type: 2}
      propertyPath: m_LocalRotation.x
      value: -0
      objectReference: {fileID: 0}
    - target: {fileID: 4801643768354562, guid: ce113e9c9e36082439fdb680fac29819, type: 2}
      propertyPath: m_LocalRotation.y
      value: -0
      objectReference: {fileID: 0}
    - target: {fileID: 4801643768354562, guid: ce113e9c9e36082439fdb680fac29819, type: 2}
      propertyPath: m_LocalRotation.z
      value: -0
      objectReference: {fileID: 0}
    - target: {fileID: 4801643768354562, guid: ce113e9c9e36082439fdb680fac29819, type: 2}
      propertyPath: m_LocalRotation.w
      value: 1
      objectReference: {fileID: 0}
    - target: {fileID: 4801643768354562, guid: ce113e9c9e36082439fdb680fac29819, type: 2}
      propertyPath: m_RootOrder
      value: 12
      objectReference: {fileID: 0}
    m_RemovedComponents: []
  m_ParentPrefab: {fileID: 100100000, guid: ce113e9c9e36082439fdb680fac29819, type: 2}
  m_IsPrefabParent: 0
--- !u!4 &922256293 stripped
Transform:
  m_PrefabParentObject: {fileID: 4801643768354562, guid: ce113e9c9e36082439fdb680fac29819,
    type: 2}
  m_PrefabInternal: {fileID: 922256292}
--- !u!1001 &938518925
Prefab:
  m_ObjectHideFlags: 0
  serializedVersion: 2
  m_Modification:
    m_TransformParent: {fileID: 589666779}
    m_Modifications:
    - target: {fileID: 4625949638402868, guid: 7f91605c4d610924694e3a53cf9c4a2e, type: 2}
      propertyPath: m_LocalPosition.x
      value: 0.25
      objectReference: {fileID: 0}
    - target: {fileID: 4625949638402868, guid: 7f91605c4d610924694e3a53cf9c4a2e, type: 2}
      propertyPath: m_LocalPosition.y
      value: -2.5
      objectReference: {fileID: 0}
    - target: {fileID: 4625949638402868, guid: 7f91605c4d610924694e3a53cf9c4a2e, type: 2}
      propertyPath: m_LocalPosition.z
      value: 0
      objectReference: {fileID: 0}
    - target: {fileID: 4625949638402868, guid: 7f91605c4d610924694e3a53cf9c4a2e, type: 2}
      propertyPath: m_LocalRotation.x
      value: -0
      objectReference: {fileID: 0}
    - target: {fileID: 4625949638402868, guid: 7f91605c4d610924694e3a53cf9c4a2e, type: 2}
      propertyPath: m_LocalRotation.y
      value: -0
      objectReference: {fileID: 0}
    - target: {fileID: 4625949638402868, guid: 7f91605c4d610924694e3a53cf9c4a2e, type: 2}
      propertyPath: m_LocalRotation.z
      value: -0
      objectReference: {fileID: 0}
    - target: {fileID: 4625949638402868, guid: 7f91605c4d610924694e3a53cf9c4a2e, type: 2}
      propertyPath: m_LocalRotation.w
      value: 1
      objectReference: {fileID: 0}
    - target: {fileID: 4625949638402868, guid: 7f91605c4d610924694e3a53cf9c4a2e, type: 2}
      propertyPath: m_RootOrder
      value: 7
      objectReference: {fileID: 0}
    m_RemovedComponents: []
  m_ParentPrefab: {fileID: 100100000, guid: 7f91605c4d610924694e3a53cf9c4a2e, type: 2}
  m_IsPrefabParent: 0
--- !u!4 &938518926 stripped
Transform:
  m_PrefabParentObject: {fileID: 4625949638402868, guid: 7f91605c4d610924694e3a53cf9c4a2e,
    type: 2}
  m_PrefabInternal: {fileID: 938518925}
--- !u!4 &1030339927 stripped
Transform:
  m_PrefabParentObject: {fileID: 4123652442970022, guid: 95b3ffd5ed85a974383673aae63a1af9,
    type: 2}
  m_PrefabInternal: {fileID: 1241446327}
--- !u!1 &1039823399
GameObject:
  m_ObjectHideFlags: 0
  m_PrefabParentObject: {fileID: 0}
  m_PrefabInternal: {fileID: 0}
  serializedVersion: 5
  m_Component:
  - component: {fileID: 1039823403}
  - component: {fileID: 1039823402}
  - component: {fileID: 1039823401}
  - component: {fileID: 1039823400}
  m_Layer: 5
  m_Name: Canvas
  m_TagString: Untagged
  m_Icon: {fileID: 0}
  m_NavMeshLayer: 0
  m_StaticEditorFlags: 0
  m_IsActive: 1
--- !u!114 &1039823400
MonoBehaviour:
  m_ObjectHideFlags: 0
  m_PrefabParentObject: {fileID: 0}
  m_PrefabInternal: {fileID: 0}
  m_GameObject: {fileID: 1039823399}
  m_Enabled: 1
  m_EditorHideFlags: 0
  m_Script: {fileID: 1301386320, guid: f70555f144d8491a825f0804e09c671c, type: 3}
  m_Name: 
  m_EditorClassIdentifier: 
  m_IgnoreReversedGraphics: 1
  m_BlockingObjects: 0
  m_BlockingMask:
    serializedVersion: 2
    m_Bits: 4294967295
--- !u!114 &1039823401
MonoBehaviour:
  m_ObjectHideFlags: 0
  m_PrefabParentObject: {fileID: 0}
  m_PrefabInternal: {fileID: 0}
  m_GameObject: {fileID: 1039823399}
  m_Enabled: 1
  m_EditorHideFlags: 0
  m_Script: {fileID: 1980459831, guid: f70555f144d8491a825f0804e09c671c, type: 3}
  m_Name: 
  m_EditorClassIdentifier: 
  m_UiScaleMode: 0
  m_ReferencePixelsPerUnit: 100
  m_ScaleFactor: 1
  m_ReferenceResolution: {x: 800, y: 600}
  m_ScreenMatchMode: 0
  m_MatchWidthOrHeight: 0
  m_PhysicalUnit: 3
  m_FallbackScreenDPI: 96
  m_DefaultSpriteDPI: 96
  m_DynamicPixelsPerUnit: 1
--- !u!223 &1039823402
Canvas:
  m_ObjectHideFlags: 0
  m_PrefabParentObject: {fileID: 0}
  m_PrefabInternal: {fileID: 0}
  m_GameObject: {fileID: 1039823399}
  m_Enabled: 1
  serializedVersion: 3
  m_RenderMode: 0
  m_Camera: {fileID: 0}
  m_PlaneDistance: 100
  m_PixelPerfect: 0
  m_ReceivesEvents: 1
  m_OverrideSorting: 0
  m_OverridePixelPerfect: 0
  m_SortingBucketNormalizedSize: 0
  m_AdditionalShaderChannelsFlag: 0
  m_SortingLayerID: 0
  m_SortingOrder: 0
  m_TargetDisplay: 0
--- !u!224 &1039823403
RectTransform:
  m_ObjectHideFlags: 0
  m_PrefabParentObject: {fileID: 0}
  m_PrefabInternal: {fileID: 0}
  m_GameObject: {fileID: 1039823399}
  m_LocalRotation: {x: 0, y: 0, z: 0, w: 1}
  m_LocalPosition: {x: 0, y: 0, z: 0}
  m_LocalScale: {x: 0, y: 0, z: 0}
  m_Children:
  - {fileID: 243991592}
  m_Father: {fileID: 0}
  m_RootOrder: 1
  m_LocalEulerAnglesHint: {x: 0, y: 0, z: 0}
  m_AnchorMin: {x: 0, y: 0}
  m_AnchorMax: {x: 0, y: 0}
  m_AnchoredPosition: {x: 0, y: 0}
  m_SizeDelta: {x: 0, y: 0}
  m_Pivot: {x: 0, y: 0}
--- !u!1001 &1060099161
Prefab:
  m_ObjectHideFlags: 0
  serializedVersion: 2
  m_Modification:
    m_TransformParent: {fileID: 589666779}
    m_Modifications:
    - target: {fileID: 4123652442970022, guid: 95b3ffd5ed85a974383673aae63a1af9, type: 2}
      propertyPath: m_LocalPosition.x
      value: -3.25
      objectReference: {fileID: 0}
    - target: {fileID: 4123652442970022, guid: 95b3ffd5ed85a974383673aae63a1af9, type: 2}
      propertyPath: m_LocalPosition.y
      value: 0
      objectReference: {fileID: 0}
    - target: {fileID: 4123652442970022, guid: 95b3ffd5ed85a974383673aae63a1af9, type: 2}
      propertyPath: m_LocalPosition.z
      value: 0
      objectReference: {fileID: 0}
    - target: {fileID: 4123652442970022, guid: 95b3ffd5ed85a974383673aae63a1af9, type: 2}
      propertyPath: m_LocalRotation.x
      value: -0
      objectReference: {fileID: 0}
    - target: {fileID: 4123652442970022, guid: 95b3ffd5ed85a974383673aae63a1af9, type: 2}
      propertyPath: m_LocalRotation.y
      value: -0
      objectReference: {fileID: 0}
    - target: {fileID: 4123652442970022, guid: 95b3ffd5ed85a974383673aae63a1af9, type: 2}
      propertyPath: m_LocalRotation.z
      value: -0
      objectReference: {fileID: 0}
    - target: {fileID: 4123652442970022, guid: 95b3ffd5ed85a974383673aae63a1af9, type: 2}
      propertyPath: m_LocalRotation.w
      value: 1
      objectReference: {fileID: 0}
    - target: {fileID: 4123652442970022, guid: 95b3ffd5ed85a974383673aae63a1af9, type: 2}
      propertyPath: m_RootOrder
      value: 2
      objectReference: {fileID: 0}
    - target: {fileID: 1833848531674964, guid: 95b3ffd5ed85a974383673aae63a1af9, type: 2}
      propertyPath: m_Name
      value: Web (2)
      objectReference: {fileID: 0}
    m_RemovedComponents: []
  m_ParentPrefab: {fileID: 100100000, guid: 95b3ffd5ed85a974383673aae63a1af9, type: 2}
  m_IsPrefabParent: 0
--- !u!4 &1060099162 stripped
Transform:
  m_PrefabParentObject: {fileID: 4123652442970022, guid: 95b3ffd5ed85a974383673aae63a1af9,
    type: 2}
  m_PrefabInternal: {fileID: 1060099161}
--- !u!4 &1071370087 stripped
Transform:
  m_PrefabParentObject: {fileID: 4052929488680138, guid: 6ae9c77d2b7515347b57110c907c9858,
    type: 2}
  m_PrefabInternal: {fileID: 2118068839}
--- !u!1 &1071701629
GameObject:
  m_ObjectHideFlags: 0
  m_PrefabParentObject: {fileID: 0}
  m_PrefabInternal: {fileID: 257025305}
  serializedVersion: 5
  m_Component:
  - component: {fileID: 1071701630}
  m_Layer: 0
  m_Name: Missing Prefab
  m_TagString: Untagged
  m_Icon: {fileID: 0}
  m_NavMeshLayer: 0
  m_StaticEditorFlags: 0
  m_IsActive: 1
--- !u!4 &1071701630
Transform:
  m_ObjectHideFlags: 0
  m_PrefabParentObject: {fileID: 0}
  m_PrefabInternal: {fileID: 257025305}
  m_GameObject: {fileID: 1071701629}
  m_LocalRotation: {x: 0, y: 0, z: 0, w: 1}
  m_LocalPosition: {x: 0, y: 0, z: 0}
  m_LocalScale: {x: 1, y: 1, z: 1}
  m_Children:
  - {fileID: 257025306}
  m_Father: {fileID: 589666779}
  m_RootOrder: 8
  m_LocalEulerAnglesHint: {x: 0, y: 0, z: 0}
--- !u!1001 &1074943073
Prefab:
  m_ObjectHideFlags: 0
  serializedVersion: 2
  m_Modification:
    m_TransformParent: {fileID: 128504854}
    m_Modifications:
    - target: {fileID: 4774114876737546, guid: 54be3a2cbfa883346a574ca116da4362, type: 2}
      propertyPath: m_LocalPosition.x
      value: 0.75
      objectReference: {fileID: 0}
    - target: {fileID: 4774114876737546, guid: 54be3a2cbfa883346a574ca116da4362, type: 2}
      propertyPath: m_LocalPosition.y
      value: 2.5
      objectReference: {fileID: 0}
    - target: {fileID: 4774114876737546, guid: 54be3a2cbfa883346a574ca116da4362, type: 2}
      propertyPath: m_LocalPosition.z
      value: 0
      objectReference: {fileID: 0}
    - target: {fileID: 4774114876737546, guid: 54be3a2cbfa883346a574ca116da4362, type: 2}
      propertyPath: m_LocalRotation.x
      value: -0
      objectReference: {fileID: 0}
    - target: {fileID: 4774114876737546, guid: 54be3a2cbfa883346a574ca116da4362, type: 2}
      propertyPath: m_LocalRotation.y
      value: -0
      objectReference: {fileID: 0}
    - target: {fileID: 4774114876737546, guid: 54be3a2cbfa883346a574ca116da4362, type: 2}
      propertyPath: m_LocalRotation.z
      value: -0
      objectReference: {fileID: 0}
    - target: {fileID: 4774114876737546, guid: 54be3a2cbfa883346a574ca116da4362, type: 2}
      propertyPath: m_LocalRotation.w
      value: 1
      objectReference: {fileID: 0}
    - target: {fileID: 4774114876737546, guid: 54be3a2cbfa883346a574ca116da4362, type: 2}
      propertyPath: m_RootOrder
      value: 4
      objectReference: {fileID: 0}
    m_RemovedComponents: []
  m_ParentPrefab: {fileID: 100100000, guid: 54be3a2cbfa883346a574ca116da4362, type: 2}
  m_IsPrefabParent: 0
--- !u!4 &1074943074 stripped
Transform:
  m_PrefabParentObject: {fileID: 4774114876737546, guid: 54be3a2cbfa883346a574ca116da4362,
    type: 2}
  m_PrefabInternal: {fileID: 1074943073}
--- !u!1001 &1241446327
Prefab:
  m_ObjectHideFlags: 0
  serializedVersion: 2
  m_Modification:
    m_TransformParent: {fileID: 128504854}
    m_Modifications:
    - target: {fileID: 4123652442970022, guid: 95b3ffd5ed85a974383673aae63a1af9, type: 2}
      propertyPath: m_LocalPosition.x
      value: 2.5
      objectReference: {fileID: 0}
    - target: {fileID: 4123652442970022, guid: 95b3ffd5ed85a974383673aae63a1af9, type: 2}
      propertyPath: m_LocalPosition.y
      value: 2.5
      objectReference: {fileID: 0}
    - target: {fileID: 4123652442970022, guid: 95b3ffd5ed85a974383673aae63a1af9, type: 2}
      propertyPath: m_LocalPosition.z
      value: 0
      objectReference: {fileID: 0}
    - target: {fileID: 4123652442970022, guid: 95b3ffd5ed85a974383673aae63a1af9, type: 2}
      propertyPath: m_LocalRotation.x
      value: -0
      objectReference: {fileID: 0}
    - target: {fileID: 4123652442970022, guid: 95b3ffd5ed85a974383673aae63a1af9, type: 2}
      propertyPath: m_LocalRotation.y
      value: -0
      objectReference: {fileID: 0}
    - target: {fileID: 4123652442970022, guid: 95b3ffd5ed85a974383673aae63a1af9, type: 2}
      propertyPath: m_LocalRotation.z
      value: -0
      objectReference: {fileID: 0}
    - target: {fileID: 4123652442970022, guid: 95b3ffd5ed85a974383673aae63a1af9, type: 2}
      propertyPath: m_LocalRotation.w
      value: 1
      objectReference: {fileID: 0}
    - target: {fileID: 4123652442970022, guid: 95b3ffd5ed85a974383673aae63a1af9, type: 2}
      propertyPath: m_RootOrder
      value: 0
      objectReference: {fileID: 0}
    m_RemovedComponents: []
  m_ParentPrefab: {fileID: 100100000, guid: 95b3ffd5ed85a974383673aae63a1af9, type: 2}
  m_IsPrefabParent: 0
--- !u!1 &1297127044
GameObject:
  m_ObjectHideFlags: 0
  m_PrefabParentObject: {fileID: 0}
  m_PrefabInternal: {fileID: 0}
  serializedVersion: 5
  m_Component:
  - component: {fileID: 1297127045}
  - component: {fileID: 1297127047}
  - component: {fileID: 1297127046}
  m_Layer: 5
  m_Name: Text
  m_TagString: Untagged
  m_Icon: {fileID: 0}
  m_NavMeshLayer: 0
  m_StaticEditorFlags: 0
  m_IsActive: 1
--- !u!224 &1297127045
RectTransform:
  m_ObjectHideFlags: 0
  m_PrefabParentObject: {fileID: 0}
  m_PrefabInternal: {fileID: 0}
  m_GameObject: {fileID: 1297127044}
  m_LocalRotation: {x: 0, y: 0, z: 0, w: 1}
  m_LocalPosition: {x: 0, y: 0, z: 0}
  m_LocalScale: {x: 1, y: 1, z: 1}
  m_Children: []
  m_Father: {fileID: 243991592}
  m_RootOrder: 0
  m_LocalEulerAnglesHint: {x: 0, y: 0, z: 0}
  m_AnchorMin: {x: 0, y: 0}
  m_AnchorMax: {x: 1, y: 1}
  m_AnchoredPosition: {x: 0, y: 0}
  m_SizeDelta: {x: 0, y: 0}
  m_Pivot: {x: 0.5, y: 0.5}
--- !u!114 &1297127046
MonoBehaviour:
  m_ObjectHideFlags: 0
  m_PrefabParentObject: {fileID: 0}
  m_PrefabInternal: {fileID: 0}
  m_GameObject: {fileID: 1297127044}
  m_Enabled: 1
  m_EditorHideFlags: 0
  m_Script: {fileID: 708705254, guid: f70555f144d8491a825f0804e09c671c, type: 3}
  m_Name: 
  m_EditorClassIdentifier: 
  m_Material: {fileID: 0}
  m_Color: {r: 0.875, g: 0.875, b: 0.875, a: 1}
  m_RaycastTarget: 1
  m_OnCullStateChanged:
    m_PersistentCalls:
      m_Calls: []
    m_TypeName: UnityEngine.UI.MaskableGraphic+CullStateChangedEvent, UnityEngine.UI,
      Version=1.0.0.0, Culture=neutral, PublicKeyToken=null
  m_FontData:
    m_Font: {fileID: 10102, guid: 0000000000000000e000000000000000, type: 0}
    m_FontSize: 14
    m_FontStyle: 0
    m_BestFit: 0
    m_MinSize: 10
    m_MaxSize: 40
    m_Alignment: 4
    m_AlignByGeometry: 0
    m_RichText: 1
    m_HorizontalOverflow: 0
    m_VerticalOverflow: 0
    m_LineSpacing: 1
  m_Text: Spook Mode
--- !u!222 &1297127047
CanvasRenderer:
  m_ObjectHideFlags: 0
  m_PrefabParentObject: {fileID: 0}
  m_PrefabInternal: {fileID: 0}
  m_GameObject: {fileID: 1297127044}
--- !u!1001 &1320940780
Prefab:
  m_ObjectHideFlags: 0
  serializedVersion: 2
  m_Modification:
    m_TransformParent: {fileID: 128504854}
    m_Modifications:
    - target: {fileID: 4091825469212492, guid: f312233add1a7a54a828870f4bf68ee8, type: 2}
      propertyPath: m_LocalPosition.x
      value: 1.25
      objectReference: {fileID: 0}
    - target: {fileID: 4091825469212492, guid: f312233add1a7a54a828870f4bf68ee8, type: 2}
      propertyPath: m_LocalPosition.y
      value: -2.5
      objectReference: {fileID: 0}
    - target: {fileID: 4091825469212492, guid: f312233add1a7a54a828870f4bf68ee8, type: 2}
      propertyPath: m_LocalPosition.z
      value: 0
      objectReference: {fileID: 0}
    - target: {fileID: 4091825469212492, guid: f312233add1a7a54a828870f4bf68ee8, type: 2}
      propertyPath: m_LocalRotation.x
      value: -0
      objectReference: {fileID: 0}
    - target: {fileID: 4091825469212492, guid: f312233add1a7a54a828870f4bf68ee8, type: 2}
      propertyPath: m_LocalRotation.y
      value: -0
      objectReference: {fileID: 0}
    - target: {fileID: 4091825469212492, guid: f312233add1a7a54a828870f4bf68ee8, type: 2}
      propertyPath: m_LocalRotation.z
      value: -0
      objectReference: {fileID: 0}
    - target: {fileID: 4091825469212492, guid: f312233add1a7a54a828870f4bf68ee8, type: 2}
      propertyPath: m_LocalRotation.w
      value: 1
      objectReference: {fileID: 0}
    - target: {fileID: 4091825469212492, guid: f312233add1a7a54a828870f4bf68ee8, type: 2}
      propertyPath: m_RootOrder
      value: 5
      objectReference: {fileID: 0}
    m_RemovedComponents: []
  m_ParentPrefab: {fileID: 100100000, guid: f312233add1a7a54a828870f4bf68ee8, type: 2}
  m_IsPrefabParent: 0
--- !u!4 &1320940781 stripped
Transform:
  m_PrefabParentObject: {fileID: 4091825469212492, guid: f312233add1a7a54a828870f4bf68ee8,
    type: 2}
  m_PrefabInternal: {fileID: 1320940780}
--- !u!1001 &1361000442
Prefab:
  m_ObjectHideFlags: 0
  serializedVersion: 2
  m_Modification:
    m_TransformParent: {fileID: 589666779}
    m_Modifications:
    - target: {fileID: 4404085800990644, guid: 612ef6ffa41081443ab77d62e0b06cb4, type: 2}
      propertyPath: m_LocalPosition.x
      value: 2.5
      objectReference: {fileID: 0}
    - target: {fileID: 4404085800990644, guid: 612ef6ffa41081443ab77d62e0b06cb4, type: 2}
      propertyPath: m_LocalPosition.y
      value: -2.5
      objectReference: {fileID: 0}
    - target: {fileID: 4404085800990644, guid: 612ef6ffa41081443ab77d62e0b06cb4, type: 2}
      propertyPath: m_LocalPosition.z
      value: 0
      objectReference: {fileID: 0}
    - target: {fileID: 4404085800990644, guid: 612ef6ffa41081443ab77d62e0b06cb4, type: 2}
      propertyPath: m_LocalRotation.x
      value: -0
      objectReference: {fileID: 0}
    - target: {fileID: 4404085800990644, guid: 612ef6ffa41081443ab77d62e0b06cb4, type: 2}
      propertyPath: m_LocalRotation.y
      value: -0
      objectReference: {fileID: 0}
    - target: {fileID: 4404085800990644, guid: 612ef6ffa41081443ab77d62e0b06cb4, type: 2}
      propertyPath: m_LocalRotation.z
      value: -0
      objectReference: {fileID: 0}
    - target: {fileID: 4404085800990644, guid: 612ef6ffa41081443ab77d62e0b06cb4, type: 2}
      propertyPath: m_LocalRotation.w
      value: 1
      objectReference: {fileID: 0}
    - target: {fileID: 4404085800990644, guid: 612ef6ffa41081443ab77d62e0b06cb4, type: 2}
      propertyPath: m_RootOrder
      value: 10
      objectReference: {fileID: 0}
    m_RemovedComponents: []
  m_ParentPrefab: {fileID: 100100000, guid: 612ef6ffa41081443ab77d62e0b06cb4, type: 2}
  m_IsPrefabParent: 0
--- !u!4 &1361000443 stripped
Transform:
  m_PrefabParentObject: {fileID: 4404085800990644, guid: 612ef6ffa41081443ab77d62e0b06cb4,
    type: 2}
  m_PrefabInternal: {fileID: 1361000442}
--- !u!1001 &1395985455
Prefab:
  m_ObjectHideFlags: 0
  serializedVersion: 2
  m_Modification:
    m_TransformParent: {fileID: 589666779}
    m_Modifications:
    - target: {fileID: 4808988295460296, guid: c2a977497eae1db4d911dc415a90b3b4, type: 2}
      propertyPath: m_LocalPosition.x
      value: 2.5
      objectReference: {fileID: 0}
    - target: {fileID: 4808988295460296, guid: c2a977497eae1db4d911dc415a90b3b4, type: 2}
      propertyPath: m_LocalPosition.y
      value: -1.25
      objectReference: {fileID: 0}
    - target: {fileID: 4808988295460296, guid: c2a977497eae1db4d911dc415a90b3b4, type: 2}
      propertyPath: m_LocalPosition.z
      value: 0
      objectReference: {fileID: 0}
    - target: {fileID: 4808988295460296, guid: c2a977497eae1db4d911dc415a90b3b4, type: 2}
      propertyPath: m_LocalRotation.x
      value: -0
      objectReference: {fileID: 0}
    - target: {fileID: 4808988295460296, guid: c2a977497eae1db4d911dc415a90b3b4, type: 2}
      propertyPath: m_LocalRotation.y
      value: -0
      objectReference: {fileID: 0}
    - target: {fileID: 4808988295460296, guid: c2a977497eae1db4d911dc415a90b3b4, type: 2}
      propertyPath: m_LocalRotation.z
      value: -0
      objectReference: {fileID: 0}
    - target: {fileID: 4808988295460296, guid: c2a977497eae1db4d911dc415a90b3b4, type: 2}
      propertyPath: m_LocalRotation.w
      value: 1
      objectReference: {fileID: 0}
    - target: {fileID: 4808988295460296, guid: c2a977497eae1db4d911dc415a90b3b4, type: 2}
      propertyPath: m_RootOrder
      value: 13
      objectReference: {fileID: 0}
    m_RemovedComponents: []
  m_ParentPrefab: {fileID: 100100000, guid: c2a977497eae1db4d911dc415a90b3b4, type: 2}
  m_IsPrefabParent: 0
--- !u!4 &1395985456 stripped
Transform:
  m_PrefabParentObject: {fileID: 4808988295460296, guid: c2a977497eae1db4d911dc415a90b3b4,
    type: 2}
  m_PrefabInternal: {fileID: 1395985455}
--- !u!1001 &1594772827
Prefab:
  m_ObjectHideFlags: 0
  serializedVersion: 2
  m_Modification:
    m_TransformParent: {fileID: 589666779}
    m_Modifications:
    - target: {fileID: 4671536685528836, guid: ed4051aefdfeb6f45a4475cdb50e2395, type: 2}
      propertyPath: m_LocalPosition.x
      value: 0
      objectReference: {fileID: 0}
    - target: {fileID: 4671536685528836, guid: ed4051aefdfeb6f45a4475cdb50e2395, type: 2}
      propertyPath: m_LocalPosition.y
      value: 2.5
      objectReference: {fileID: 0}
    - target: {fileID: 4671536685528836, guid: ed4051aefdfeb6f45a4475cdb50e2395, type: 2}
      propertyPath: m_LocalPosition.z
      value: 0
      objectReference: {fileID: 0}
    - target: {fileID: 4671536685528836, guid: ed4051aefdfeb6f45a4475cdb50e2395, type: 2}
      propertyPath: m_LocalRotation.x
      value: -0
      objectReference: {fileID: 0}
    - target: {fileID: 4671536685528836, guid: ed4051aefdfeb6f45a4475cdb50e2395, type: 2}
      propertyPath: m_LocalRotation.y
      value: -0
      objectReference: {fileID: 0}
    - target: {fileID: 4671536685528836, guid: ed4051aefdfeb6f45a4475cdb50e2395, type: 2}
      propertyPath: m_LocalRotation.z
      value: -0
      objectReference: {fileID: 0}
    - target: {fileID: 4671536685528836, guid: ed4051aefdfeb6f45a4475cdb50e2395, type: 2}
      propertyPath: m_LocalRotation.w
      value: 1
      objectReference: {fileID: 0}
    - target: {fileID: 4671536685528836, guid: ed4051aefdfeb6f45a4475cdb50e2395, type: 2}
      propertyPath: m_RootOrder
      value: 5
      objectReference: {fileID: 0}
    m_RemovedComponents: []
  m_ParentPrefab: {fileID: 100100000, guid: ed4051aefdfeb6f45a4475cdb50e2395, type: 2}
  m_IsPrefabParent: 0
--- !u!4 &1594772828 stripped
Transform:
  m_PrefabParentObject: {fileID: 4671536685528836, guid: ed4051aefdfeb6f45a4475cdb50e2395,
    type: 2}
  m_PrefabInternal: {fileID: 1594772827}
--- !u!1 &1616627060
GameObject:
  m_ObjectHideFlags: 0
  m_PrefabParentObject: {fileID: 0}
  m_PrefabInternal: {fileID: 0}
  serializedVersion: 5
  m_Component:
  - component: {fileID: 1616627061}
  m_Layer: 0
  m_Name: PlayerSpawn
  m_TagString: Untagged
  m_Icon: {fileID: 0}
  m_NavMeshLayer: 0
  m_StaticEditorFlags: 0
  m_IsActive: 1
--- !u!4 &1616627061
Transform:
  m_ObjectHideFlags: 0
  m_PrefabParentObject: {fileID: 0}
  m_PrefabInternal: {fileID: 0}
  m_GameObject: {fileID: 1616627060}
  m_LocalRotation: {x: 0, y: 0, z: 0, w: 1}
  m_LocalPosition: {x: 0, y: 0, z: 0}
  m_LocalScale: {x: 1, y: 1, z: 1}
  m_Children: []
  m_Father: {fileID: 0}
  m_RootOrder: 6
  m_LocalEulerAnglesHint: {x: 0, y: 0, z: 0}
--- !u!4 &1718590243 stripped
Transform:
  m_PrefabParentObject: {fileID: 4373535692012250, guid: ce35f816f20b2a049b4e3ed91ee3291e,
    type: 2}
  m_PrefabInternal: {fileID: 65137694}
--- !u!1001 &1934239704
Prefab:
  m_ObjectHideFlags: 0
  serializedVersion: 2
  m_Modification:
    m_TransformParent: {fileID: 450201624}
    m_Modifications:
    - target: {fileID: 4141026877303014, guid: 87690b259d55666409dcbe4d90fea26e, type: 2}
      propertyPath: m_LocalPosition.x
      value: 4
      objectReference: {fileID: 0}
    - target: {fileID: 4141026877303014, guid: 87690b259d55666409dcbe4d90fea26e, type: 2}
      propertyPath: m_LocalPosition.y
      value: 0
      objectReference: {fileID: 0}
    - target: {fileID: 4141026877303014, guid: 87690b259d55666409dcbe4d90fea26e, type: 2}
      propertyPath: m_LocalPosition.z
      value: 0
      objectReference: {fileID: 0}
    - target: {fileID: 4141026877303014, guid: 87690b259d55666409dcbe4d90fea26e, type: 2}
      propertyPath: m_LocalRotation.x
      value: -0
      objectReference: {fileID: 0}
    - target: {fileID: 4141026877303014, guid: 87690b259d55666409dcbe4d90fea26e, type: 2}
      propertyPath: m_LocalRotation.y
      value: -0
      objectReference: {fileID: 0}
    - target: {fileID: 4141026877303014, guid: 87690b259d55666409dcbe4d90fea26e, type: 2}
      propertyPath: m_LocalRotation.z
      value: -0
      objectReference: {fileID: 0}
    - target: {fileID: 4141026877303014, guid: 87690b259d55666409dcbe4d90fea26e, type: 2}
      propertyPath: m_LocalRotation.w
      value: 1
      objectReference: {fileID: 0}
    - target: {fileID: 4141026877303014, guid: 87690b259d55666409dcbe4d90fea26e, type: 2}
      propertyPath: m_RootOrder
      value: 1
      objectReference: {fileID: 0}
    - target: {fileID: 4141026877303014, guid: 87690b259d55666409dcbe4d90fea26e, type: 2}
      propertyPath: m_LocalScale.x
      value: 1
      objectReference: {fileID: 0}
    - target: {fileID: 4141026877303014, guid: 87690b259d55666409dcbe4d90fea26e, type: 2}
      propertyPath: m_LocalScale.y
      value: 1
      objectReference: {fileID: 0}
    m_RemovedComponents: []
  m_ParentPrefab: {fileID: 100100000, guid: 87690b259d55666409dcbe4d90fea26e, type: 2}
  m_IsPrefabParent: 0
--- !u!4 &1934239705 stripped
Transform:
  m_PrefabParentObject: {fileID: 4141026877303014, guid: 87690b259d55666409dcbe4d90fea26e,
    type: 2}
  m_PrefabInternal: {fileID: 1934239704}
--- !u!1001 &1947121308
Prefab:
  m_ObjectHideFlags: 0
  serializedVersion: 2
  m_Modification:
    m_TransformParent: {fileID: 450201624}
    m_Modifications:
    - target: {fileID: 4833533837523004, guid: da6ada8fec9af0b41b48825cb5f1e4d0, type: 2}
      propertyPath: m_LocalPosition.x
      value: 0
      objectReference: {fileID: 0}
    - target: {fileID: 4833533837523004, guid: da6ada8fec9af0b41b48825cb5f1e4d0, type: 2}
      propertyPath: m_LocalPosition.y
      value: 0
      objectReference: {fileID: 0}
    - target: {fileID: 4833533837523004, guid: da6ada8fec9af0b41b48825cb5f1e4d0, type: 2}
      propertyPath: m_LocalPosition.z
      value: 0
      objectReference: {fileID: 0}
    - target: {fileID: 4833533837523004, guid: da6ada8fec9af0b41b48825cb5f1e4d0, type: 2}
      propertyPath: m_LocalRotation.x
      value: -0
      objectReference: {fileID: 0}
    - target: {fileID: 4833533837523004, guid: da6ada8fec9af0b41b48825cb5f1e4d0, type: 2}
      propertyPath: m_LocalRotation.y
      value: -0
      objectReference: {fileID: 0}
    - target: {fileID: 4833533837523004, guid: da6ada8fec9af0b41b48825cb5f1e4d0, type: 2}
      propertyPath: m_LocalRotation.z
      value: -0
      objectReference: {fileID: 0}
    - target: {fileID: 4833533837523004, guid: da6ada8fec9af0b41b48825cb5f1e4d0, type: 2}
      propertyPath: m_LocalRotation.w
      value: 1
      objectReference: {fileID: 0}
    - target: {fileID: 4833533837523004, guid: da6ada8fec9af0b41b48825cb5f1e4d0, type: 2}
      propertyPath: m_RootOrder
      value: 0
      objectReference: {fileID: 0}
    - target: {fileID: 1383007536108486, guid: da6ada8fec9af0b41b48825cb5f1e4d0, type: 2}
      propertyPath: m_IsActive
      value: 1
      objectReference: {fileID: 0}
    - target: {fileID: 4833533837523004, guid: da6ada8fec9af0b41b48825cb5f1e4d0, type: 2}
      propertyPath: m_LocalScale.x
      value: 1
      objectReference: {fileID: 0}
    - target: {fileID: 4833533837523004, guid: da6ada8fec9af0b41b48825cb5f1e4d0, type: 2}
      propertyPath: m_LocalScale.y
      value: 1
      objectReference: {fileID: 0}
    m_RemovedComponents: []
  m_ParentPrefab: {fileID: 100100000, guid: da6ada8fec9af0b41b48825cb5f1e4d0, type: 2}
  m_IsPrefabParent: 0
--- !u!4 &1947121309 stripped
Transform:
  m_PrefabParentObject: {fileID: 4833533837523004, guid: da6ada8fec9af0b41b48825cb5f1e4d0,
    type: 2}
  m_PrefabInternal: {fileID: 1947121308}
--- !u!1001 &2048464017
Prefab:
  m_ObjectHideFlags: 0
  serializedVersion: 2
  m_Modification:
    m_TransformParent: {fileID: 589666779}
    m_Modifications:
    - target: {fileID: 4128867549733308, guid: 5f55a36f301c0a045a3ecb84b3938ac7, type: 2}
      propertyPath: m_LocalPosition.x
      value: 2.5
      objectReference: {fileID: 0}
    - target: {fileID: 4128867549733308, guid: 5f55a36f301c0a045a3ecb84b3938ac7, type: 2}
      propertyPath: m_LocalPosition.y
      value: 1.25
      objectReference: {fileID: 0}
    - target: {fileID: 4128867549733308, guid: 5f55a36f301c0a045a3ecb84b3938ac7, type: 2}
      propertyPath: m_LocalPosition.z
      value: 0
      objectReference: {fileID: 0}
    - target: {fileID: 4128867549733308, guid: 5f55a36f301c0a045a3ecb84b3938ac7, type: 2}
      propertyPath: m_LocalRotation.x
      value: -0
      objectReference: {fileID: 0}
    - target: {fileID: 4128867549733308, guid: 5f55a36f301c0a045a3ecb84b3938ac7, type: 2}
      propertyPath: m_LocalRotation.y
      value: -0
      objectReference: {fileID: 0}
    - target: {fileID: 4128867549733308, guid: 5f55a36f301c0a045a3ecb84b3938ac7, type: 2}
      propertyPath: m_LocalRotation.z
      value: -0
      objectReference: {fileID: 0}
    - target: {fileID: 4128867549733308, guid: 5f55a36f301c0a045a3ecb84b3938ac7, type: 2}
      propertyPath: m_LocalRotation.w
      value: 1
      objectReference: {fileID: 0}
    - target: {fileID: 4128867549733308, guid: 5f55a36f301c0a045a3ecb84b3938ac7, type: 2}
      propertyPath: m_RootOrder
      value: 11
      objectReference: {fileID: 0}
    m_RemovedComponents: []
  m_ParentPrefab: {fileID: 100100000, guid: 5f55a36f301c0a045a3ecb84b3938ac7, type: 2}
  m_IsPrefabParent: 0
--- !u!4 &2048464018 stripped
Transform:
  m_PrefabParentObject: {fileID: 4128867549733308, guid: 5f55a36f301c0a045a3ecb84b3938ac7,
    type: 2}
  m_PrefabInternal: {fileID: 2048464017}
--- !u!1001 &2080749970
Prefab:
  m_ObjectHideFlags: 0
  serializedVersion: 2
  m_Modification:
    m_TransformParent: {fileID: 589666779}
    m_Modifications:
    - target: {fileID: 4123652442970022, guid: 95b3ffd5ed85a974383673aae63a1af9, type: 2}
      propertyPath: m_LocalPosition.x
      value: -3.75
      objectReference: {fileID: 0}
    - target: {fileID: 4123652442970022, guid: 95b3ffd5ed85a974383673aae63a1af9, type: 2}
      propertyPath: m_LocalPosition.y
      value: 0
      objectReference: {fileID: 0}
    - target: {fileID: 4123652442970022, guid: 95b3ffd5ed85a974383673aae63a1af9, type: 2}
      propertyPath: m_LocalPosition.z
      value: 0
      objectReference: {fileID: 0}
    - target: {fileID: 4123652442970022, guid: 95b3ffd5ed85a974383673aae63a1af9, type: 2}
      propertyPath: m_LocalRotation.x
      value: -0
      objectReference: {fileID: 0}
    - target: {fileID: 4123652442970022, guid: 95b3ffd5ed85a974383673aae63a1af9, type: 2}
      propertyPath: m_LocalRotation.y
      value: -0
      objectReference: {fileID: 0}
    - target: {fileID: 4123652442970022, guid: 95b3ffd5ed85a974383673aae63a1af9, type: 2}
      propertyPath: m_LocalRotation.z
      value: -0
      objectReference: {fileID: 0}
    - target: {fileID: 4123652442970022, guid: 95b3ffd5ed85a974383673aae63a1af9, type: 2}
      propertyPath: m_LocalRotation.w
      value: 1
      objectReference: {fileID: 0}
    - target: {fileID: 4123652442970022, guid: 95b3ffd5ed85a974383673aae63a1af9, type: 2}
      propertyPath: m_RootOrder
      value: 0
      objectReference: {fileID: 0}
    m_RemovedComponents: []
  m_ParentPrefab: {fileID: 100100000, guid: 95b3ffd5ed85a974383673aae63a1af9, type: 2}
  m_IsPrefabParent: 0
--- !u!4 &2080749971 stripped
Transform:
  m_PrefabParentObject: {fileID: 4123652442970022, guid: 95b3ffd5ed85a974383673aae63a1af9,
    type: 2}
  m_PrefabInternal: {fileID: 2080749970}
--- !u!1001 &2107368978
Prefab:
  m_ObjectHideFlags: 0
  serializedVersion: 2
  m_Modification:
    m_TransformParent: {fileID: 128504854}
    m_Modifications:
    - target: {fileID: 4290208544942498, guid: 94aadc2ccdc6ff54b9fe5fe66ab07633, type: 2}
      propertyPath: m_LocalPosition.x
      value: -1
      objectReference: {fileID: 0}
    - target: {fileID: 4290208544942498, guid: 94aadc2ccdc6ff54b9fe5fe66ab07633, type: 2}
      propertyPath: m_LocalPosition.y
      value: -2.5
      objectReference: {fileID: 0}
    - target: {fileID: 4290208544942498, guid: 94aadc2ccdc6ff54b9fe5fe66ab07633, type: 2}
      propertyPath: m_LocalPosition.z
      value: 0
      objectReference: {fileID: 0}
    - target: {fileID: 4290208544942498, guid: 94aadc2ccdc6ff54b9fe5fe66ab07633, type: 2}
      propertyPath: m_LocalRotation.x
      value: -0
      objectReference: {fileID: 0}
    - target: {fileID: 4290208544942498, guid: 94aadc2ccdc6ff54b9fe5fe66ab07633, type: 2}
      propertyPath: m_LocalRotation.y
      value: -0
      objectReference: {fileID: 0}
    - target: {fileID: 4290208544942498, guid: 94aadc2ccdc6ff54b9fe5fe66ab07633, type: 2}
      propertyPath: m_LocalRotation.z
      value: -0
      objectReference: {fileID: 0}
    - target: {fileID: 4290208544942498, guid: 94aadc2ccdc6ff54b9fe5fe66ab07633, type: 2}
      propertyPath: m_LocalRotation.w
      value: 1
      objectReference: {fileID: 0}
    - target: {fileID: 4290208544942498, guid: 94aadc2ccdc6ff54b9fe5fe66ab07633, type: 2}
      propertyPath: m_RootOrder
      value: 3
      objectReference: {fileID: 0}
    m_RemovedComponents: []
  m_ParentPrefab: {fileID: 100100000, guid: 94aadc2ccdc6ff54b9fe5fe66ab07633, type: 2}
  m_IsPrefabParent: 0
--- !u!1001 &2118068839
Prefab:
  m_ObjectHideFlags: 0
  serializedVersion: 2
  m_Modification:
    m_TransformParent: {fileID: 128504854}
    m_Modifications:
    - target: {fileID: 4052929488680138, guid: 6ae9c77d2b7515347b57110c907c9858, type: 2}
      propertyPath: m_LocalPosition.x
      value: 1.5
      objectReference: {fileID: 0}
    - target: {fileID: 4052929488680138, guid: 6ae9c77d2b7515347b57110c907c9858, type: 2}
      propertyPath: m_LocalPosition.y
      value: 0
      objectReference: {fileID: 0}
    - target: {fileID: 4052929488680138, guid: 6ae9c77d2b7515347b57110c907c9858, type: 2}
      propertyPath: m_LocalPosition.z
      value: 0
      objectReference: {fileID: 0}
    - target: {fileID: 4052929488680138, guid: 6ae9c77d2b7515347b57110c907c9858, type: 2}
      propertyPath: m_LocalRotation.x
      value: -0
      objectReference: {fileID: 0}
    - target: {fileID: 4052929488680138, guid: 6ae9c77d2b7515347b57110c907c9858, type: 2}
      propertyPath: m_LocalRotation.y
      value: -0
      objectReference: {fileID: 0}
    - target: {fileID: 4052929488680138, guid: 6ae9c77d2b7515347b57110c907c9858, type: 2}
      propertyPath: m_LocalRotation.z
      value: -0
      objectReference: {fileID: 0}
    - target: {fileID: 4052929488680138, guid: 6ae9c77d2b7515347b57110c907c9858, type: 2}
      propertyPath: m_LocalRotation.w
      value: 1
      objectReference: {fileID: 0}
    - target: {fileID: 4052929488680138, guid: 6ae9c77d2b7515347b57110c907c9858, type: 2}
      propertyPath: m_RootOrder
      value: 2
      objectReference: {fileID: 0}
    m_RemovedComponents: []
  m_ParentPrefab: {fileID: 100100000, guid: 6ae9c77d2b7515347b57110c907c9858, type: 2}
  m_IsPrefabParent: 0
